<record><leader>00000cas a22000007a 4500</leader><controlfield tag="001">12202250</controlfield><controlfield tag="008">850626d19181983pauwr ne      0    0eng d</controlfield><datafield ind1=" " ind2=" " tag="010"><subfield code="a">sn 85055015 </subfield></datafield><datafield ind1=" " ind2=" " tag="040"><subfield code="a">PLF</subfield><subfield code="b">eng</subfield><subfield code="c">PLF</subfield><subfield code="d">NPH</subfield><subfield code="d">OCLCQ</subfield></datafield><datafield ind1=" " ind2=" " tag="042"><subfield code="a">msc</subfield></datafield><datafield ind1="0" ind2="4" tag="245"><subfield code="a">The County leader.</subfield></datafield><datafield ind1="3" ind2="0" tag="246"><subfield code="a">Leader</subfield></datafield><datafield ind1=" " ind2=" " tag="260"><subfield code="a">Broomall, Pa. :</subfield><subfield code="b">Gerald S. Fuller,</subfield><subfield code="c">-1983.</subfield></datafield><datafield ind1=" " ind2=" " tag="300"><subfield code="a">v. :</subfield><subfield code="b">ill. ;</subfield><subfield code="c">35-53 cm.</subfield></datafield><datafield ind1=" " ind2=" " tag="310"><subfield code="a">Weekly</subfield></datafield><datafield ind1="1" ind2=" " tag="362"><subfield code="a">Began in 1918?</subfield></datafield><datafield ind1="0" ind2=" " tag="362"><subfield code="a">-v. 52, no. 27 (July 6, 1983).</subfield></datafield><datafield ind1=" " ind2=" " tag="500"><subfield code="a">Published in: Broomall and Newtown Square, Pa., &lt;Jan. 5, 1956&gt;-Oct. 3, 1968; Newtown Square, Pa., Oct. 10, 1968-July 6, 1983.</subfield></datafield><datafield ind1=" " ind2=" " tag="500"><subfield code="a">Publishers: Gerald S. Fuller, &lt;Jan. 5, 1956&gt;-Oct. 3, 1968; Andrew J. Audet, Oct. 10, 1968-July 6, 1983.</subfield></datafield><datafield ind1=" " ind2=" " tag="500"><subfield code="a">"Serving residents in Marple, Newtown, Edgmont, Upper Providence and Middletown Townships."</subfield></datafield><datafield ind1=" " ind2=" " tag="588"><subfield code="a">Description based on: Vol. 36, no. 13 (Jan. 5, 1956).</subfield></datafield><datafield ind1=" " ind2=" " tag="752"><subfield code="a">United States</subfield><subfield code="b">Pennsylvania</subfield><subfield code="c">Delaware</subfield><subfield code="d">Broomall.</subfield></datafield><datafield ind1=" " ind2=" " tag="752"><subfield code="a">United States</subfield><subfield code="b">Pennsylvania</subfield><subfield code="c">Delaware</subfield><subfield code="d">Newtown Square.</subfield></datafield><datafield ind1="0" ind2=" " tag="775"><subfield code="t">County leader (Broomall, Pa. : Media ed.)</subfield><subfield code="w">(OCoLC)19470867</subfield></datafield><datafield ind1="0" ind2="5" tag="780"><subfield code="t">Marple mirror</subfield><subfield code="w">(DLC)sn 89077850</subfield></datafield><datafield ind1="0" ind2="4" tag="785"><subfield code="t">County press (Newtown Square, Pa.)</subfield><subfield code="w">(DLC)sn 89077854</subfield></datafield></record>